<?xml version="1.0" encoding="UTF-8"?><collection xmlns="http://www.loc.gov/MARC21/slim"><record><leader>00578nam--2200181-i-4500</leader><controlfield tag="001">000031623</controlfield><controlfield tag="002">20161230</controlfield><controlfield tag="005">20161230201038</controlfield><controlfield tag="008">060222s1000------------r-----000-0-fre-d</controlfield><datafield ind1=" " ind2=" " tag="040"><subfield code="a">IFIN-HH</subfield></datafield><datafield ind1=" " ind2=" " tag="041"><subfield code="a">fre</subfield></datafield><datafield ind1=" " ind2=" " tag="080"><subfield code="a">539.124.16</subfield></datafield><datafield ind1="1" ind2=" " tag="100"><subfield code="a">Mugnier, Daniel</subfield></datafield><datafield ind1="1" ind2="0" tag="245"><subfield code="a">Etude des qualites optiques d'un spectometre beta a trajectoires trochoidales et avant-projet de realisation a l'aide de bobinages sans fer</subfield><subfield code="b">These</subfield><subfield code="c">Daniel mugnier</subfield></datafield><datafield ind1=" " ind2=" " tag="260"><subfield code="a">Lyon</subfield><subfield code="b">Universite De Lyon</subfield><subfield code="c">1968</subfield></datafield><datafield ind1=" " ind2=" " tag="300"><subfield code="a">132P</subfield></datafield><datafield ind1=" " ind2=" " tag="852"><subfield code="a">28153</subfield><subfield code="c">538.1.07:538.1.08</subfield></datafield><datafield ind1=" " ind2=" " tag="CAT"><subfield code="a">Sys</subfield><subfield code="c">20111019</subfield><subfield code="h">163257</subfield></datafield></record></collection>